<?xml version="1.0" encoding="UTF-8"?><collection xmlns="http://www.loc.gov/MARC21/slim"><record><leader>00526nam--2200169-i-4500</leader><controlfield tag="001">000019697</controlfield><controlfield tag="002">20161230</controlfield><controlfield tag="005">20161230201033</controlfield><controlfield tag="008">060222s1000------------r-----000-0-eng-d</controlfield><datafield ind1=" " ind2=" " tag="040"><subfield code="a">IFIN-HH</subfield></datafield><datafield ind1=" " ind2=" " tag="080"><subfield code="a">539.141:539.144.4</subfield></datafield><datafield ind1="1" ind2=" " tag="100"><subfield code="a">Feinberg, Frank L</subfield></datafield><datafield ind1="1" ind2="0" tag="245"><subfield code="a">Hamiltonian formulation of non-abelian gauge fields and non-relativistic bound states</subfield><subfield code="c">Frank l. feinberg</subfield></datafield><datafield ind1=" " ind2=" " tag="260"><subfield code="a">Cambridge</subfield><subfield code="b">Center For Theoretical Physics</subfield><subfield code="c">1977</subfield></datafield><datafield ind1=" " ind2=" " tag="300"><subfield code="a">12 FIG. + 71 P</subfield></datafield><datafield ind1=" " ind2=" " tag="852"><subfield code="a">45261</subfield><subfield code="c">539.141</subfield></datafield><datafield ind1=" " ind2=" " tag="CAT"><subfield code="a">Sys</subfield><subfield code="c">20120418</subfield><subfield code="h">115737</subfield></datafield></record></collection>